<?xml version="1.0" encoding="UTF-8"?><collection xmlns="http://www.loc.gov/MARC21/slim"><record><leader>00343nam--2200121-i-4500</leader><controlfield tag="001">000018228</controlfield><controlfield tag="002">20161230</controlfield><controlfield tag="005">20161230201032</controlfield><controlfield tag="008">060222s1000------------r-----000-0-eng-d</controlfield><datafield ind1=" " ind2=" " tag="100"><subfield code="a">Edlen, Bengt</subfield></datafield><datafield ind1=" " ind2=" " tag="245"><subfield code="a">Die deutung der emissionslinien im spektrum der sonnenkorona</subfield></datafield><datafield ind1=" " ind2=" " tag="260"><subfield code="a">Berlin, Springer-verlag, 1942. 63 P. Mit 6 Figuren</subfield></datafield><datafield ind1=" " ind2=" " tag="852"><subfield code="a">5769</subfield></datafield></record></collection>